<record><leader>00000cas a2200000 i 4500</leader><controlfield tag="001">922936151</controlfield><controlfield tag="007">hd ||||||||||</controlfield><controlfield tag="008">151006c19uu9999caudn nea     0    0vie  </controlfield><datafield ind1=" " ind2=" " tag="010"><subfield code="a">  2015212540</subfield></datafield><datafield ind1=" " ind2=" " tag="040"><subfield code="a">DLC</subfield><subfield code="b">eng</subfield><subfield code="e">rda</subfield><subfield code="c">DLC</subfield><subfield code="d">OCLCQ</subfield></datafield><datafield ind1=" " ind2=" " tag="042"><subfield code="a">pcc</subfield></datafield><datafield ind1=" " ind2=" " tag="043"><subfield code="a">n-us-ca</subfield></datafield><datafield ind1="0" ind2="0" tag="050"><subfield code="a">Newspaper</subfield></datafield><datafield ind1="0" ind2=" " tag="130"><subfield code="a">Vie&#803;&#770;t Nam (San Jose, Calif.)</subfield></datafield><datafield ind1="1" ind2="0" tag="245"><subfield code="a">Vie&#803;&#770;t Nam.</subfield></datafield><datafield ind1=" " ind2=" " tag="260"><subfield code="a">San Jose, CA :</subfield><subfield code="b">Nha&#768; xua&#769;&#770;t ba&#777;n Phu&#803;ng s&#432;&#803;</subfield></datafield><datafield ind1=" " ind2=" " tag="300"><subfield code="a">volumes</subfield></datafield><datafield ind1=" " ind2=" " tag="310"><subfield code="a">Daily (except Sunday and Monday)</subfield></datafield><datafield ind1=" " ind2=" " tag="336"><subfield code="a">text</subfield><subfield code="b">txt</subfield><subfield code="2">rdacontent</subfield></datafield><datafield ind1=" " ind2=" " tag="337"><subfield code="a">microform</subfield><subfield code="b">h</subfield><subfield code="2">rdamedia</subfield></datafield><datafield ind1=" " ind2=" " tag="338"><subfield code="a">microfilm reel</subfield><subfield code="b">hd</subfield><subfield code="2">rdacarrier</subfield></datafield><datafield ind1=" " ind2=" " tag="500"><subfield code="a">"Tie&#769;&#770;ng no&#769;i cu&#777;a ng&#432;&#417;&#768;i Vie&#803;&#770;t quo&#769;&#770;c gia ha&#777;i ngoa&#803;i."</subfield></datafield><datafield ind1=" " ind2=" " tag="500"><subfield code="a">"The oldest and largest Vietnamese daily newspaper in northern California since 1986 with in-house printing."</subfield></datafield><datafield ind1=" " ind2=" " tag="546"><subfield code="a">In Vietnamese.</subfield></datafield><datafield ind1=" " ind2=" " tag="588"><subfield code="a">Description based on: Na&#774;m th&#432;&#769; 14, so&#769;&#770; 3272 (th&#432;&#769; Ba&#777;y, 15-5-1999).</subfield></datafield><datafield ind1=" " ind2=" " tag="588"><subfield code="a">Latest issue consulted: Na&#774;m th&#432;&#769; 14, so&#769;&#770; 4365 (th&#432;&#769; Sa&#769;u, 5-9-2003).</subfield></datafield><datafield ind1=" " ind2=" " tag="533"><subfield code="a">Microfilm.</subfield><subfield code="b">Washington, D.C. :</subfield><subfield code="c">Library of Congress Preservation Microfilming Program :</subfield><subfield code="c">Available from Library of Congress Photoduplication Service.</subfield><subfield code="e">microfilm reels ; 35 mm.</subfield></datafield><datafield ind1=" " ind2="0" tag="651"><subfield code="a">San Jose (Calif.)</subfield><subfield code="v">Newspapers.</subfield></datafield><datafield ind1=" " ind2="7" tag="651"><subfield code="a">California</subfield><subfield code="z">San Jose.</subfield><subfield code="2">fast</subfield><subfield code="0">(OCoLC)fst01206320</subfield></datafield><datafield ind1=" " ind2="7" tag="655"><subfield code="a">Newspapers.</subfield><subfield code="2">fast</subfield><subfield code="0">(OCoLC)fst01423814</subfield></datafield><datafield ind1=" " ind2=" " tag="752"><subfield code="a">United States</subfield><subfield code="b">California</subfield><subfield code="c">San Jose</subfield><subfield code="d">Santa Clara.</subfield></datafield><datafield ind1="0" ind2="8" tag="776"><subfield code="i">Reproduction of (manifestation):</subfield><subfield code="t">Vie&#803;&#770;t Nam (San Jose, Calif.)</subfield><subfield code="w">(DLC)sn2003058084</subfield><subfield code="w">(OCoLC)50753840</subfield></datafield><datafield ind1="4" ind2="1" tag="856"><subfield code="u">http://www.vietnamdaily.com/</subfield></datafield></record>